3066 5158
593 1217 927 1338 Praefatio.

289 1517 337 1580 De
360 1515 490 1581 Graecis
512 1513 673 1580 vocabulis
695 1516 729 1579 in
750 1515 891 1599 linguam
913 1516 1061 1582 Latinam
1090 1517 1215 1583 tralatis
1245 1539 1321 1584 con-

111 1637 114 1643 ·
201 1619 292 1683 tinua
314 1617 361 1683 vel
384 1618 504 1682 maiore
525 1638 668 1701 unquam
689 1617 955 1684 commentatione
976 1618 1130 1704 scriptum
1151 1641 1236 1701 esse,
1267 1621 1321 1703 qui

203 1721 383 1787 accuratius
408 1741 475 1785 rem
497 1719 724 1806 exploraverit,
754 1720 858 1786 lacere
880 1743 943 1785 non
965 1721 1098 1806 poterit,
1121 1721 1197 1804 quin
1219 1729 1320 1805 neget.

200 1845 273 1888 nam
304 1823 365 1887 etsi
397 1822 435 1888 de
471 1822 602 1905 singulis
633 1813 872 1905 quaestionibus
899 1823 1017 1889 fuerint
1046 1825 1100 1907 qui
1123 1824 1321 1908 scripserint-

203 1925 273 1991 dico
318 1923 508 1992 Corssenum
551 1924 588 1989 G.
620 1923 763 1990 Curtium
809 1923 1043 1990 Fleckeisenum
1093 1925 1323 1994 Mommsenum

198 2026 406 2094 Ribbeckium
432 2026 639 2092 Bitschelium
677 2026 755 2092 alios
789 2063 831 2074 -
853 2046 892 2090 ne
913 2027 1048 2092 indicem
1075 2027 1202 2112 quidem
1223 2029 1320 2096 habe-

198 2151 268 2194 mus
312 2129 504 2196 tralatorum
541 2129 784 2208 vocabulorum,
829 2151 892 2213 quo
929 2151 1006 2194 num
1050 2130 1127 2214 quid
1169 2131 1322 2198 tralatum

198 2253 380 2300 censeamus
415 2253 457 2296 an
484 2232 604 2309 minus,
641 2231 807 2298 discamus.
838 2232 961 2297 accedit
990 2233 1077 2316 quod
1108 2234 1163 2318 qui
1193 2234 1232 2300 de
1262 2235 1322 2301 hac

196 2335 463 2419 rescripserunt,
485 2334 539 2399 alii
561 2334 678 2398 aliast
700 2334 901 2419 appetierunt
924 2341 956 2400 et
977 2335 1215 2402 contenderunt.
1239 2359 1322 2422 quae

130 2445 132 2450 '
188 2457 269 2502 cum
305 2437 352 2504 ita
386 2442 507 2514 essent,
542 2436 629 2501 haud
656 2436 821 2502 immemor
858 2437 1081 2522 disputationis
1110 2438 1193 2504 illius
1223 2439 1320 2504 Ham-

197 2539 322 2604 moniae
344 2560 372 2605 a.
396 2539 425 2603 h.
450 2560 474 2604 s.
498 2537 563 2605 LV.
585 2538 731 2616 habitae,
760 2559 826 2622 qua
848 2539 885 2605 G.
909 2539 1037 2606 Curtius
1058 2541 1123 2606 iam
1146 2541 1321 2620 admonuit,

198 2646 235 2705 ut
263 2645 479 2710 tractarentur
512 2640 633 2706 tralata
658 2641 875 2728 uocabulall,
904 2648 937 2708 et
961 2641 1096 2708 indicem
1128 2643 1264 2710 scribere
1290 2651 1323 2710 et

199 2743 401 2826 quaestiones
423 2743 594 2808 nonnullas
617 2741 756 2809 adiectas
779 2745 945 2810 enucleare
966 2752 1099 2811 conatus
1123 2769 1210 2824 sum,
1239 2769 1322 2830 quae

119 2931 121 2936 A
198 2845 413 2929 indulgentiae
435 2845 603 2912 doctorum
625 2846 766 2912 virorum
788 2845 916 2912 tradere
938 2847 1049 2912 audeo.

283 2948 369 3013 haud
401 2948 483 3031 fugit
512 2954 674 3014 auctorem
702 2949 804 3013 multa
840 2955 872 3014 et
907 2949 1018 3015 melius
1048 2956 1080 3016 et
1113 2953 1228 3042 rectius
1259 2952 1321 3018 dici

197 3071 291 3136 posse
313 3072 426 3135 meque
446 3051 481 3114 in
502 3051 673 3116 tractanda
696 3072 732 3116 re
756 3056 788 3116 et
814 3052 879 3117 fere
907 3052 1011 3118 adhuc
1039 3053 1164 3137 integra
1190 3060 1222 3119 et
1244 3055 1321 3119 satis

198 3145 321 3220 lubrica
342 3153 511 3236 aliquoties
534 3154 659 3239 lapsum
681 3171 764 3232 esse,
794 3159 901 3220 tamen
923 3156 1160 3221 excusationem
1182 3158 1319 3223 veniam-

198 3277 259 3340 que
281 3276 330 3320 me
351 3255 598 3340 impetraturum
620 3277 689 3321 esse
711 3276 814 3341 spero.
909 3313 912 3322 ,

283 3358 369 3442 quod
396 3358 429 3422 iu
450 3357 553 3423 indice
575 3358 817 3424 veterrimorum
838 3366 1006 3444 poetarum
1028 3359 1215 3439 Andronici,
1236 3359 1320 3428 Nae·

198 3459 249 3537 vii,
275 3460 392 3539 Plauti,
413 3459 518 3538 Ennii,
540 3459 680 3538 Pacuvii,
710 3459 846 3540 Caecilii,
884 3462 1032 3551 Terentii,
1062 3463 1149 3543 Attii,
1185 3464 1321 3530 aliorum

198 3562 353 3628 vocabula
374 3563 553 3630 accuratius
577 3562 732 3640 tractari,
759 3583 889 3629 causam
919 3565 1016 3631 habet
1038 3564 1117 3630 satis
1140 3566 1319 3646 dilucidam

201 3685 400 3700 „affl—‚Q

283 3731 312 3792 *l
330 3732 367 3786 ib.
386 3749 413 3800 p.
432 3731 462 3783 2:
482 3732 509 3785 d.
528 3733 625 3800 griech
653 3735 757 3786 wdrter
782 3733 811 3784 in
829 3733 855 3786 d.
873 3734 920 3786 let.
940 3750 996 3802 spr.
1015 3735 1166 3789 verdienen
1185 3752 1236 3803 gar
1255 3737 1320 3789 sehr

200 3816 262 3868 eine
289 3833 430 3885 genauere
457 3819 637 3886 behandlung
664 3835 690 3870 u.
709 3819 844 3871 aunachst
861 3835 913 3871 nur
932 3819 994 3871 eine
1013 3821 1204 3889 vollstandige
1223 3838 1320 3874 samm-

202 3901 283 3968 lung;
302 3917 332 3953 es
351 3903 388 3956 ist
406 3903 466 3956 dies
485 3905 567 3956 keine
584 3903 707 3971 ausgabe
725 3904 1228 3974 vonfibermdssigerschwierlgkeit
1257 3906 1320 3960 frei-

200 3985 255 4038 lich
279 3987 346 4038 aber
373 3989 447 4041 kann
465 3989 507 4041 sie
525 3989 596 4041 doch
615 4005 668 4042 nur
686 3989 736 4040 auf
753 3988 845 4056 grund
863 3989 1046 4056 allgemeiner
1065 3993 1320 4060 sprachforschung

201 4076 410 4125 unternommen
429 4073 551 4129 werden.
570 4077 662 4128 cet—
680 4075 821 4136 Ribbeck,
840 4074 937 4128 Jahn’s
952 4077 1045 4144 jahrb.
1064 4077 1106 4140 77,
1124 4094 1150 4144 p.
1161 4077 1193 4128 91
1205 4093 1238 4130 s:
1259 4077 1321 4131 eine

201 4156 340 4209 lohnendc
367 4157 487 4225 ausgabe
505 4162 575 4212 eber
594 4177 616 4212 z.
635 4161 662 4212 h.
683 4177 717 4212 zu
735 4160 814 4212 einer
832 4161 1111 4216 dectordissertation
1128 4167 1205 4214 wilre
1224 4177 1254 4215 es
1272 4178 1320 4231 ge-

201 4241 276 4304 wiss,
295 4257 376 4294 wenn
392 4243 504 4310 jemand
523 4245 577 4298 den
595 4260 704 4313 ganzen
724 4251 821 4299 verrat
839 4246 889 4298 der
907 4248 1012 4315 griech.
1030 4248 1200 4300 lehnwdrter
1217 4247 1253 4298 im
1272 4248 1319 4300 lat.

200 4315 301 4387 einmal
320 4328 471 4392 sammelte,
489 4331 606 4384 kritisch
625 4331 743 4384 sichtete
761 4336 812 4384 cet.
