3066 5158
223 446 271 513 VI
302 404 305 413 Ι
684 445 876 500 Praefatio.

224 640 331 686 omnes
360 639 433 684 vero
463 617 689 684 vocabulorum
709 617 797 683 locos
827 621 953 684 tantum
975 618 1082 696 abest,
1111 625 1148 684 ut
1170 607 1340 694 attulerim,

223 726 260 787 ut
286 721 393 786 omnia
418 719 513 786 modo
551 719 706 786 vocabula
736 743 754 786 e
781 720 876 786 variis
903 720 1092 788 editionibus
1121 721 1253 787 collecta
1282 720 1339 786 ad-

224 845 292 890 esse
313 822 473 890 voluerim.
517 817 623 886 Plauti
644 823 741 906 igitur
762 823 930 888 comoediis
953 843 973 887 a
994 821 1165 889 Ritschelio
1186 821 1250 903 (R.)
1272 828 1304 886 et
1321 843 1342 886 a

223 923 422 991 Fleckeiseno
438 923 518 1002 (R),
548 925 659 989 ceteris
688 945 709 990 a
730 924 830 990 Pareo
853 924 945 989 editis
967 947 1043 990 usus
1063 947 1150 1002 sum,
1177 947 1248 990 cum
1276 945 1342 989 una

225 1027 364 1094 omnium
379 1027 612 1092 comoediarum
634 1027 789 1092 recentior
806 1025 978 1111 eademque
993 1027 1079 1093 bona
1093 1027 1187 1094 editio
1211 1027 1340 1093 deesset.

224 1128 316 1194 Parei
346 1134 452 1195 autem
480 1127 581 1194 indice
609 1128 758 1194 Plautino
787 1129 889 1212 magis
919 1130 1061 1194 desertus
1090 1151 1187 1213 quam
1213 1129 1342 1195 adiutus

223 1233 292 1318 ipse
313 1231 399 1296 locos
421 1231 483 1296 huc
504 1231 696 1316 pertinentes
717 1232 898 1316 comparavi
912 1237 944 1297 et
962 1231 1064 1298 denuo
1079 1232 1199 1316 collegi,
1222 1238 1342 1298 oetero-

226 1356 297 1400 rum
320 1334 509 1418 scriptorum
532 1332 689 1399 vocabula
708 1334 756 1398 ita
778 1333 891 1398 afferre
914 1333 1030 1412 studui,
1051 1341 1088 1399 ut
1109 1356 1179 1399 eum
1197 1335 1343 1411 maxime,

225 1437 280 1520 qui
302 1436 422 1521 primus
444 1458 521 1501 usus
537 1441 620 1500 esset
634 1435 754 1500 tralata
770 1457 855 1514 voce,
878 1437 1065 1521 scriptorem
1080 1443 1233 1502 notarem.
1257 1436 1344 1520 quod

225 1538 405 1606 Ciceronem
427 1539 558 1615 attinet,
580 1538 750 1621 aliquoties
781 1538 990 1603 Forcelllnum
1014 1538 1144 1605 adhibui
1172 1546 1342 1604 auctorem.

225 1641 388 1706 nominum
409 1641 611 1724 propriorum
633 1661 697 1705 non
719 1640 780 1705 fuit
793 1640 881 1706 locus
903 1641 936 1705 in
958 1641 1018 1707 hoc
1038 1641 1157 1718 indice;
1179 1642 1304 1708 tralatis
1327 1663 1344 1706 e

226 1741 347 1810 Graeco
386 1762 529 1807 sermone
562 1742 723 1808 vocabulis
755 1742 931 1808 adiicienda
963 1743 1074 1832 putavi
1102 1745 1173 1829 ipsa
1205 1743 1344 1820 Graeca;

226 1867 307 1929 quae
323 1865 518 1930 quamquam
534 1865 767 1929 supervacanea
779 1867 844 1910 non
855 1867 1020 1929 uunquam
1034 1850 1199 1931 apparent,
1215 1849 1345 1932 propter

224 1947 335 2013 indicis
356 1953 505 2013 naturam
529 1967 694 2030 nunquam
715 1947 815 2024 omisi,
837 1969 908 2012 oum
930 1949 1136 2014 multifariam
1150 1948 1227 2013 mihi
1248 1947 1344 2012 variis

225 2071 264 2116 ex
285 2035 394 2116 formis
413 2049 555 2132 singulae
577 2048 738 2132 eligendae
760 2049 903 2134 aliaeque
932 2050 1096 2116 habendae
1118 2057 1223 2116 essent
1244 2050 1344 2114 ratio-

225 2174 289 2218 nes.
320 2152 599 2236 grammaticorum
627 2151 727 2216 libros
759 2152 898 2218 evolvere
927 2154 1145 2237 vocabulaque
1171 2171 1346 2238 excerpere,

226 2255 286 2320 etsi
307 2254 352 2319 illi
375 2252 501 2337 quidem
524 2259 628 2318 essent
649 2253 834 2338 posterioris
856 2255 1024 2340 temporis,
1053 2257 1129 2321 utile
1158 2256 1259 2320 visum
1281 2259 1345 2319 est:

224 2377 327 2440 neque
348 2361 455 2422 tamen
477 2357 606 2421 nomina
627 2355 826 2432 animalium,
849 2356 1048 2440 plantarum,
1071 2358 1212 2443 lapidum
1233 2356 1346 2440 recepi,

225 2480 361 2544 quorum
383 2459 492 2542 ingens
515 2463 603 2523 extat
624 2457 793 2523 multitudo
815 2457 848 2522 in
870 2457 964 2522 Plinii
985 2459 1120 2525 historia
1141 2457 1290 2524 naturali.
1305 2491 1345 2504 -

225 2565 334 2638 restat,
356 2567 394 2627 ut
406 2560 516 2646 paucis
532 2565 712 2626 statuamus
734 2559 858 2644 aliquas
877 2580 1015 2637 normas,
1038 2563 1140 2644 qualis
1155 2561 1346 2626 tralatorum

225 2665 290 2729 fere
312 2664 353 2729 sit
373 2662 600 2729 vocabulorum
621 2661 713 2727 ratio.
744 2683 809 2745 qua
823 2663 856 2726 in
870 2683 905 2726 re
927 2662 990 2729 duo
1009 2663 1154 2729 videntur
1175 2663 1343 2747 praecipue

225 2765 404 2853 reputanda
425 2785 505 2831 esse:
538 2770 569 2829 et
600 2765 753 2830 elementa
782 2770 814 2828 et
843 2765 888 2829 vis
920 2770 1017 2848 atque
1039 2765 1226 2848 significatio
1249 2765 1345 2841 vocis,

175 2945 178 2952 .
226 2890 323 2953 quam
350 2868 422 2952 quis
449 2867 600 2933 tralatam
628 2872 677 2931 est
705 2865 911 2932 iudicaturus.
944 2867 1022 2934 haec
1051 2867 1148 2952 igitur
1175 2887 1291 2950 genera
1312 2867 1346 2931 in

226 2971 285 3036 has
308 2971 426 3055 species
448 2969 604 3055 partimur
625 2975 656 3035 et
678 2969 861 3035 dividimus:
1045 3053 1048 3062 .

268 3072 292 3138 L
310 3073 380 3156 ipsa
394 3073 584 3138 tralatorum
606 3073 832 3144 vocabulorum
854 3073 1006 3139 elementa
1021 3071 1217 3158 respicienda
1234 3074 1317 3136 sunt.

312 3174 467 3240 vocabula
488 3173 604 3240 Latina
625 3175 745 3241 tralata
767 3182 858 3242 sunt:

290 3299 421 3362 aquae
443 3277 582 3342 Graecas
611 3277 734 3342 litteras
760 3277 880 3346 habent
908 3303 928 3366 y
957 3285 991 3358 (u
1013 3278 1119 3364 prisc.)
1143 3282 1173 3342 et
1195 3297 1227 3340 n:
1259 3293 1344 3359 sym·

333 3379 693 3466 bola-zephyrus-nona.

291 3483 370 3551 bin
400 3482 515 3567 quibus
541 3481 682 3548 Graecae
707 3487 782 3547 sunt
804 3481 956 3568 ch-th·ph
982 3481 1156 3568 aspiratae:
1186 3479 1343 3565 chlamys-

335 3586 477 3664 chorus·,
499 3584 813 3663 aether-theatrum,
836 3584 1165 3670 amphora-phalerae.

292 3710 318 3754 c.
334 3688 497 3772 inquibus
514 3687 667 3772 Graecax
682 3685 851 3774 respondet
864 3687 999 3753 Latinae
1017 3709 1034 3751 o
1050 3685 1248 3770 (praesertim
1263 3685 1345 3770 pris·

1080 3809 1136 3853 cae
1151 3788 1347 3864 Latinitatis)

564 3924 584 3952 55
640 3881 668 3940 θ
753 3923 772 3952 95
900 3924 918 3954 99
1003 3880 1018 3939 t

567 4025 584 4054 ar
642 4001 667 4062 φ
754 4026 772 4054 n
902 4027 919 4054 rr
1005 3999 1026 4061 p

444 4131 452 4160 ,
567 4129 585 4158 „
648 4105 665 4158 ς
750 4128 769 4157 ,,
897 4129 915 4158 ,,
1002 4100 1017 4144 s
1061 4101 1116 4144 seu
1159 4100 1191 4143 ss
1232 4083 1345 4162 (praes.

595 4266 661 4352 spir
677 4287 735 4352 asp
1004 4266 1026 4332 h
1158 4179 1251 4266 prisc.
1274 4177 1345 4244 Lat.

433 4317 452 4347 n
566 4316 585 4346 92
661 4316 668 4333 ·
738 4317 773 4346 η,
901 4315 920 4346 η
