3066 5158
636 385 831 442 Praefatio.
1228 387 1290 452 VII

173 561 245 628 calx
265 560 359 645 χάλιξ
382 599 418 608 ·-
443 557 622 644 triumphus
645 562 812 644 θρίαμβος
835 595 874 606 -·-
896 560 1038 645 aplustre
1061 559 1290 648 ἄφλαστον-

172 685 253 730 sona
283 662 364 754 ζώνη
405 699 437 710 -
470 661 613 728 atticiano
644 657 792 736 ἀττικὶζω
822 696 863 708 -
892 683 1000 729 massa
1027 663 1113 748 μάζα
1144 699 1182 710 -
1211 661 1292 729 hora

172 791 252 852 ωρα.
276 803 318 814 -

214 867 256 934 ΙΙ.
279 870 326 934 vis
349 874 446 952 atque
468 866 655 952 significatio
678 865 875 950 respicienda
896 873 953 934 est.

279 971 435 1038 vocabula
456 971 573 1036 Latina
593 969 713 1035 maleta
736 974 826 1034 sunt:

215 1097 243 1140 a.
282 1075 308 1140 si
329 1075 479 1140 Latinum
501 1071 689 1138 vocabulum
719 1093 737 1136 e
764 1070 881 1137 Latina
910 1071 1016 1138 radice
1046 1072 1181 1138 derivari
1203 1072 1289 1138 nullo

283 1177 377 1242 modo
400 1180 519 1261 potest:
543 1173 922 1240 aranea-fenestra-hora.

216 1279 245 1345 b.
277 1279 303 1343 si
325 1279 359 1342 in
380 1278 490 1364 ceteris
513 1276 647 1360 lingum,
677 1295 760 1360 quae
788 1276 915 1359 quidem
937 1298 1009 1342 cum
1031 1275 1155 1342 Graeca
1175 1286 1208 1342 et
1228 1277 1292 1342 Ia-

279 1380 348 1444 tina
370 1384 525 1463 cognatae
547 1383 641 1454 sunt,
674 1398 738 1443 non
761 1383 836 1443 sunt
856 1378 1025 1457 vocabula,
1048 1400 1185 1464 quorum
1210 1379 1292 1444 veri-

277 1483 419 1566 loquium
448 1481 531 1548 idem
560 1486 609 1546 est
638 1485 735 1564 atque
763 1501 872 1546 eorum
894 1502 977 1565 quae
999 1481 1070 1566 quis
1097 1481 1217 1548 tralata
1245 1487 1294 1547 est

278 1585 492 1650 iudicaturus:
515 1582 654 1668 crapula.

215 1710 239 1752 c.
278 1687 304 1752 si
326 1686 367 1752 ab
397 1685 505 1751 eadem
527 1684 635 1750 Latini
664 1685 817 1750 sermonis
842 1684 940 1771 stirpe
968 1708 1033 1753 non
1058 1685 1123 1752 fere
1152 1685 1216 1751 alia
1245 1685 1293 1751 vel

182 1799 208 1846 ¹·
279 1810 343 1854 non
364 1789 466 1853 multa
488 1787 631 1853 derivata
653 1791 741 1852 sunt:
764 1786 1143 1873 elassis-fungus-pulmo.

215 1891 244 1955 d.
285 1891 311 1957 si
333 1891 479 1957 vocabuli
501 1890 650 1956 formatio
673 1889 714 1955 ab
731 1889 802 1974 ipso
817 1889 931 1956 Latino
946 1912 1091 1957 sermone
1113 1889 1216 1956 aliena
1231 1894 1292 1956 est:

280 1993 429 2059 balneum
443 2029 485 2040 -
508 1993 675 2058 thesaurus
699 1998 895 2072 (tensaurus)
912 2029 952 2038 —-
975 1993 1162 2078 triumphus.

173 2113 176 2118 ·
213 2117 238 2162 e
276 2096 302 2161 si
323 2096 513 2162 vocabulum
533 2095 568 2160 in
590 2093 728 2164 Graecos
750 2115 844 2160 casus
867 2094 1056 2162 declinatur:
1079 2116 1141 2161 aer.

197 2415 200 2422 ’
257 2389 371 2450 contra
391 2385 470 2450 haec
499 2371 627 2468 quoque
649 2389 847 2465 statuemur,
875 2385 960 2452 unde
982 2392 1137 2471 appareat
1163 2386 1202 2452 de
1224 2392 1292 2478 tra-
1320 2385 1323 2392 '

171 2489 291 2554 latione
313 2487 447 2572 cogitari
469 2508 533 2553 non
555 2509 657 2573 posse.

214 2591 334 2656 tralata
356 2611 421 2656 non
443 2596 519 2655 eunt
539 2591 711 2657 vocabula:

19 2681 22 2688 ’
217 2695 248 2773 1)
270 2693 303 2757 in
326 2693 442 2776 quibua
464 2714 486 2776 g
506 2693 556 2758 vel
577 2693 598 2758 h
621 2694 792 2779 respondet
806 2719 841 2777 χι
862 2693 1110 2777 angere-anguis
1126 2692 1293 2777 (anguilla)

972 2795 1292 2861 hamus-hir-hortua

376 2945 395 2974 ‚‚
466 2898 589 2963 fveld
699 2947 718 2977 „
796 2903 838 2963 a:
856 2897 1293 2983 fera-fumus·querquedula.

376 3049 395 3077 ‚‚
465 2999 587 3066 fvelb
695 3049 714 3078 ‚,
793 2999 1014 3088 calama-fur
1035 3035 1078 3045 -
1101 3001 1293 3084 ambo-glu-

1078 3103 1292 3171 bere-nebula.

270 3225 467 3289 quamquam
482 3204 666 3290 excipienda
684 3209 759 3270 sunt
773 3205 943 3270 nonnulla:
961 3205 1162 3290 fagus-fucus
1178 3211 1291 3272 cetera.

213 3309 246 3386 2)
268 3308 373 3385 verba,
396 3329 479 3391 quae
500 3313 631 3392 propter
652 3308 716 3372 vim
738 3307 844 3373 Latini
875 3310 1029 3375 sermonis
1057 3308 1189 3395 propria
1218 3314 1294 3374 sunt

276 3409 459 3476 iudicanda:
482 3411 583 3496 clepo,
604 3409 719 3491 crocio,
743 3430 851 3476 musso
873 3417 932 3476 cet.

256 3700 353 3766 dubia
375 3700 509 3784 deniqne
531 3701 685 3766 nonnulla
706 3705 830 3766 restant
851 3701 1014 3779 vocabula,
1039 3723 1121 3785 quae
1142 3702 1176 3766 in
1189 3702 1292 3767 indice

174 3800 348 3880 omisimus,
379 3803 454 3886 quia
476 3802 596 3867 tralata
624 3824 692 3868 esse
718 3825 784 3869 non
813 3803 1068 3869 existimavimus,
1100 3809 1189 3868 sunt:
1221 3825 1294 3868 acer

174 3899 325 3982 (ἄκαστος
346 3904 438 3969 Hehn
461 3903 598 3970 culturfl.
622 3928 651 3990 p.
675 3906 751 3982 439)
773 3906 968 3971 —inclutus
991 3905 1099 3991 (Ribb.
1122 3904 1293 3990 *ἕγκλυτος

173 4002 284 4069 Jahn'e
303 4005 408 4089 jahrb.
433 4006 526 4083 1857,
550 4007 590 4072 75
605 4030 635 4092 p.
651 4008 731 4080 316;
757 4007 860 4074 Corsa.
883 4009 950 4073 Btr.
973 4009 1002 4074 3.
1019 4045 1060 4054 -
1082 4008 1132 4072 53.
1158 4043 1199 4052 -
1222 4004 1291 4072 Ntr.

172 4108 222 4172 36.
236 4143 275 4153 —·
291 4107 342 4172 39.
356 4142 396 4154 -—
412 4108 436 4174 Ι.
450 4109 513 4174 360
524 4113 594 4188 cet.)
610 4111 774 4176 —laurus
790 4097 912 4200 (δάφνη
923 4111 1007 4176 Pott.
1023 4111 1118 4176 Kuhn
1130 4108 1167 4174 V.
1177 4109 1242 4174 247
1251 4146 1293 4156 -

171 4209 265 4276 Hehn
285 4232 316 4295 p.
340 4210 426 4289 432.)
450 4247 487 4292 T·
518 4213 638 4278 milium
665 4215 787 4302 (μελίνη
816 4213 909 4280 Hehn
929 4236 961 4299 p.
985 4211 1048 4278 405
1072 4247 1111 4257 -
1133 4211 1223 4290 406.)
1247 4249 1288 4262 -
